<?xml version="1.0" encoding="UTF-8"?><record xmlns="http://www.loc.gov/MARC21/slim" xmlns:cinclude="http://apache.org/cocoon/include/1.0" xmlns:zs="http://www.loc.gov/zing/srw/">
  <leader>00540nz  a2200133n  4500</leader>
  <controlfield tag="001">no2011035559</controlfield>
  <controlfield tag="003">DLC</controlfield>
  <controlfield tag="005">20110309075146.0</controlfield>
  <controlfield tag="008">110307n| acannaabn          |n aaa     c</controlfield>
  <datafield tag="010" ind1=" " ind2=" ">
    <subfield code="a">no2011035559</subfield>
  </datafield>
  <datafield tag="035" ind1=" " ind2=" ">
    <subfield code="a">(OCoLC)oca08788612</subfield>
  </datafield>
  <datafield tag="040" ind1=" " ind2=" ">
    <subfield code="a">ZA-PrTUT</subfield>
    <subfield code="b">eng</subfield>
    <subfield code="c">ZA-PrTUT</subfield>
  </datafield>
  <datafield tag="100" ind1="1" ind2=" ">
    <subfield code="a">Majuru, Batsirai</subfield>
  </datafield>
  <datafield tag="670" ind1=" " ind2=" ">
    <subfield code="a">Assessing the value of upgrading rural small community water supplies in Limpopo, South Africa, 2010:</subfield>
    <subfield code="b">t.p. (Batsirai Majuru ; submitted in partial fulfillment of the requirements for the degree Master Technologiae: Environmental Health)</subfield>
  </datafield>
</record>